
@article{barth-inrev,
  title = {Understanding the picture: the promis and challenges of in-situ imagery data in the study of plankton ecology},
  author = {Barth, Alexander and Stone, Joshua},
  year = {in review}
}

@article{biard2016,
	title = {In situ imaging reveals the biomass of giant protists in the global ocean},
	author = {Biard, Tristan and Stemmann, Lars and Picheral, Marc and Mayot, Nicolas and Vandromme, Pieter and Hauss, Helena and Gorsky, Gabriel and Guidi, Lionel and Kiko, Rainer and Not, Fabrice},
	year = {2016},
	month = {04},
	date = {2016-04},
	journal = {Nature},
	pages = {504--507},
	volume = {532},
	number = {7600},
	doi = {10.1038/nature17652},
	url = {https://www.nature.com/articles/nature17652},
	note = {Number: 7600
Publisher: Nature Publishing Group},
	langid = {en}
}

@inbook{biard2022,
	title = {Rhizaria},
	author = {Biard, Tristan},
	year = {2022},
	month = {04},
	date = {2022-04-13},
	publisher = {Encyclopeida of Life Sciences},
	pages = {1--11},
	edition = {1},
	doi = {10.1002/9780470015902.a0029469},
	url = {https://onlinelibrary.wiley.com/doi/10.1002/9780470015902.a0029469},
	note = {DOI: 10.1002/9780470015902.a0029469},
	langid = {en}
}

@book{haekel1887,
	title = {Report on the Radiolaria Collected by H.M.S. Challenger During the Years 1873-1876, Plates, by Ernst Haeckel},
	author = {Haekel, Ernest},
	year = {1887},
	date = {1887},
	url = {https://www.gutenberg.org/cache/epub/44527/pg44527-images.html}
}

@article{michaels1988,
	title = {Vertical distribution and abundance of Acantharia and their symbionts},
	author = {Michaels, A. F.},
	year = {1988},
	month = {04},
	date = {1988-04},
	journal = {Marine Biology},
	pages = {559--569},
	volume = {97},
	number = {4},
	doi = {10.1007/BF00391052},
	url = {http://link.springer.com/10.1007/BF00391052},
	langid = {en}
}

@article{caron1984,
	title = {PREDICTED AND OBSERVED FEEDING RATES OF THE SPINOSE PLANKTONIC FORAMINIFER},
	author = {Caron, David A and Be, Allan W H},
	year = {1984},
	date = {1984},
	journal = {BULLETIN OF MARINE SCIENCE},
	volume = {35},
	langid = {en}
}

@article{caron1995,
	title = {Primary productivity by symbiont-bearing planktonic sarcodines (Acantharia, Radiolaria, Foraminifera) in surface waters near Bermuda},
	author = {Caron, David A. and Michaels, Anthony F. and Swanberg, Neil R. and Howse, Frances A.},
	year = {1995},
	month = {01},
	date = {1995-01-01},
	journal = {Journal of Plankton Research},
	pages = {103--129},
	volume = {17},
	number = {1},
	doi = {10.1093/plankt/17.1.103},
	url = {https://doi.org/10.1093/plankt/17.1.103}
}

@article{bijma1990,
	title = {Lunar and semi-luan reproductive cycles in some spinose planktonic foraminifers},
	author = {Bijma, Jelle and Erez, Jonathan and Hemleben, Christoph},
	year = {1990},
	date = {1990},
	journal = {Journal of Foraminiferal Research},
	pages = {117--127},
	volume = {20},
	number = {2},
	url = {https://epic.awi.de/id/eprint/6096/1/Bij1990a.pdf}
}

@inbook{kimoto2015,
	title = {Planktic Foraminifera},
	author = {Kimoto, Katsunori},
	year = {2015},
	month = {01},
	date = {2015-01-01},
	pages = {129--178},
	doi = {10.1007/978-4-431-55130-0_7},
	note = {DOI: 10.1007/978-4-431-55130-0{\_}7}
}

@inbook{suzuki2015,
	title = {Biology and Ecology of Radiolaria},
	author = {Suzuki, Noritoshi and Not, Fabrice},
	year = {2015},
	date = {2015},
	publisher = {Springer},
	pages = {179 --222},
	url = {https://link.springer.com/chapter/10.1007/978-4-431-55130-0_8}
}

@inbook{nakamura2015,
	title = {Phaeodaria: Diverse Marine Cercozoans of World-Wide Distribution},
	author = {Nakamura, Yasuhide and Suzuki, Noritoshi},
	year = {2015},
	date = {2015},
	publisher = {Springer},
	pages = {223--249},
	url = {https://link.springer.com/chapter/10.1007/978-4-431-55130-0_9}
}

@article{boltovskoy1993,
	title = {Annual flux of radiolaria and other shelled plankters in the eastern equatorial atlantic at 853 m: seasonal variations and polycystine species-specific responses},
	author = {Boltovskoy, Demetrio and Alder, Viviana A. and Abelmann, Andrea},
	year = {1993},
	month = {09},
	date = {1993-09},
	journal = {Deep Sea Research Part I: Oceanographic Research Papers},
	pages = {1863--1895},
	volume = {40},
	number = {9},
	doi = {10.1016/0967-0637(93)90036-3},
	url = {https://linkinghub.elsevier.com/retrieve/pii/0967063793900363},
	langid = {en}
}

@article{takahashi1983,
	title = {Phaeodarian Skeletons: Their Role in Silica Transport to the Deep Sea},
	author = {Takahashi, Kozo and Hurd, David C. and Honjo, Susumu},
	year = {1983},
	month = {11},
	date = {1983-11-11},
	journal = {Science},
	pages = {616--618},
	volume = {222},
	number = {4624},
	doi = {10.1126/science.222.4624.616},
	url = {https://www.science.org/doi/abs/10.1126/science.222.4624.616},
	note = {Publisher: American Association for the Advancement of Science}
}

@article{caron2016,
	title = {The rise of Rhizaria | Nature},
	author = {Caron, David A.},
	year = {2016},
	date = {2016},
	journal = {Nature},
	pages = {444--445},
	volume = {532},
	url = {https://www.nature.com/articles/nature17892}
}

@article{biard2015,
	title = {Towards an Integrative Morpho-molecular Classification of the Collodaria (Polycystinea, Radiolaria)},
	author = {Biard, Tristan and Pillet, {Loïc} and Decelle, Johan and Poirier, Camille and Suzuki, Noritoshi and Not, Fabrice},
	year = {2015},
	month = {07},
	date = {2015-07-01},
	journal = {Protist},
	pages = {374--388},
	volume = {166},
	number = {3},
	doi = {10.1016/j.protis.2015.05.002},
	url = {https://www.sciencedirect.com/science/article/pii/S1434461015000231}
}

@article{decelle2012,
	title = {Multiple microalgal partners in symbiosis with the acantharian Acanthochiasma sp. (Radiolaria)},
	author = {Decelle, Johan and Siano, Raffaele and Probert, Ian and Poirier, Camille and Not, Fabrice},
	year = {2012},
	month = {12},
	date = {2012-12},
	journal = {Symbiosis},
	pages = {233--244},
	volume = {58},
	number = {1-3},
	doi = {10.1007/s13199-012-0195-x},
	url = {http://link.springer.com/10.1007/s13199-012-0195-x},
	langid = {en}
}

@article{decelle2013,
	title = {Diversity, Ecology and Biogeochemistry of Cyst-Forming Acantharia (Radiolaria) in the Oceans},
	author = {Decelle, Johan and Martin, Patrick and Paborstava, Katsiaryna and Pond, David W. and Tarling, Geraint and {Mahé}, {Frédéric} and De Vargas, Colomban and Lampitt, Richard and Not, Fabrice},
	editor = {Stal, Lucas J.},
	year = {2013},
	month = {01},
	date = {2013-01-11},
	journal = {PLoS ONE},
	pages = {e53598},
	volume = {8},
	number = {1},
	doi = {10.1371/journal.pone.0053598},
	url = {https://dx.plos.org/10.1371/journal.pone.0053598},
	langid = {en}
}

@article{biard2017,
	title = {Biogeography and diversity of Collodaria (Radiolaria) in the global ocean},
	author = {Biard, Tristan and Bigeard, Estelle and Audic, {Stéphane} and Poulain, Julie and Gutierrez-Rodriguez, Andres and Pesant, {Stéphane} and Stemmann, Lars and Not, Fabrice},
	year = {2017},
	month = {06},
	date = {2017-06},
	journal = {The ISME Journal},
	pages = {1331--1344},
	volume = {11},
	number = {6},
	doi = {10.1038/ismej.2017.12},
	url = {https://www.nature.com/articles/ismej201712},
	note = {Number: 6
Publisher: Nature Publishing Group},
	langid = {en}
}

@article{marsbrisbin2020,
	title = {Paired high-throughput, in situ imaging and high-throughput sequencing illuminate acantharian abundance and vertical distribution},
	author = {Mars Brisbin, Margaret and Brunner, Otis Davey and Grossmann, Mary Matilda and Mitarai, Satoshi},
	year = {2020},
	date = {2020},
	journal = {Limnology and Oceanography},
	pages = {2953--2965},
	volume = {65},
	number = {12},
	doi = {10.1002/lno.11567},
	url = {https://onlinelibrary.wiley.com/doi/abs/10.1002/lno.11567},
	note = {{\_}eprint: https://onlinelibrary.wiley.com/doi/pdf/10.1002/lno.11567},
	langid = {en}
}

@article{blanco-bercial2022,
	title = {The protist community traces seasonality and mesoscale hydrographic features in the oligotrophic Sargasso Sea},
	author = {Blanco-Bercial, Leocadio and Parsons, Rachel and {Bolaños}, Luis M. and Johnson, Rod and Giovannoni, Stephen J. and Curry, Ruth},
	year = {2022},
	date = {2022},
	journal = {Frontiers in Marine Science},
	volume = {9},
	url = {https://www.frontiersin.org/articles/10.3389/fmars.2022.897140}
}

@article{nakamura2023,
	title = {DNA metabarcoding focused on difficult-to-culture protists: An effective approach to clarify biological interactions},
	author = {Nakamura, Yasuhide and Itagaki, Hiryori and Tuji, Akihiro and Shimode, Shinji and Yamaguchi, Atsushi and Hidaka, Kiyotaka and Ogiso-Tanaka, Eri},
	year = {2023},
	date = {2023},
	journal = {Environmental Microbiology},
	pages = {3630--3638},
	volume = {25},
	number = {12},
	doi = {10.1111/1462-2920.16524},
	url = {https://onlinelibrary.wiley.com/doi/abs/10.1111/1462-2920.16524},
	note = {{\_}eprint: https://onlinelibrary.wiley.com/doi/pdf/10.1111/1462-2920.16524},
	langid = {en}
}

@article{gutierrez-rodriguez2019,
	title = {High contribution of Rhizaria (Radiolaria) to vertical export in the California Current Ecosystem revealed by DNA metabarcoding},
	author = {Gutierrez-Rodriguez, Andres and Stukel, Michael R. and Lopes dos Santos, Adriana and Biard, Tristan and Scharek, Renate and Vaulot, Daniel and Landry, Michael R. and Not, Fabrice},
	year = {2019},
	month = {04},
	date = {2019-04},
	journal = {The ISME Journal},
	pages = {964--976},
	volume = {13},
	number = {4},
	doi = {10.1038/s41396-018-0322-7},
	url = {https://www.nature.com/articles/s41396-018-0322-7},
	note = {Number: 4
Publisher: Nature Publishing Group},
	langid = {en}
}

@article{guidi2016,
	title = {Plankton networks driving carbon export in the oligotrophic ocean},
	author = {Guidi, Lionel and Chaffron, Samuel and Bittner, Lucie and Eveillard, Damien and Larhlimi, Abdelhalim and Roux, Simon and Darzi, Youssef and Audic, Stephane and Berline, {Léo} and Brum, Jennifer R. and Coelho, Luis Pedro and Espinoza, Julio Cesar Ignacio and Malviya, Shruti and Sunagawa, Shinichi and Dimier, {Céline} and Kandels-Lewis, Stefanie and Picheral, Marc and Poulain, Julie and Searson, Sarah and Stemmann, Lars and Not, Fabrice and Hingamp, Pascal and Speich, Sabrina and Follows, Mick and Karp-Boss, Lee and Boss, Emmanuel and Ogata, Hiroyuki and Pesant, Stephane and Weissenbach, Jean and Wincker, Patrick and Acinas, Silvia G. and Bork, Peer and de Vargas, Colomban and Iudicone, Daniele and Sullivan, Matthew B. and Raes, Jeroen and Karsenti, Eric and Bowler, Chris and Gorsky, Gabriel},
	year = {2016},
	month = {04},
	date = {2016-04},
	journal = {Nature},
	pages = {465--470},
	volume = {532},
	number = {7600},
	doi = {10.1038/nature16942},
	url = {https://www.nature.com/articles/nature16942},
	note = {Number: 7600
Publisher: Nature Publishing Group},
	langid = {en}
}

@article{ohman2019a,
	title = {A sea of tentacles: optically discernible traits resolved from planktonic organisms in situ},
	author = {Ohman, Mark D},
	editor = {Browman, Howard},
	year = {2019},
	month = {08},
	date = {2019-08-03},
	journal = {ICES Journal of Marine Science},
	pages = {1959--1972},
	volume = {76},
	number = {7},
	doi = {10.1093/icesjms/fsz184},
	url = {http://dx.doi.org/10.1093/icesjms/fsz184},
	langid = {en}
}

@techreport{cohen2023,
	title = {Microeukaryote metabolism across the western North Atlantic Ocean revealed through autonomous underwater profiling},
	author = {Cohen, Natalie R. and Krinos, Arianna I. and Kell, Riss M. and Chmiel, Rebecca J. and Moran, Dawn M. and McIlvin, Matthew R. and Lopez, Paloma Z. and Barth, Alexander and Stone, Joshua and Alanis, Brianna A. and Chan, Eric W. and Breier, John A. and Jakuba, Michael V. and Johnson, Rod and Alexander, Harriet and Saito, Mak A.},
	year = {2023},
	month = {11},
	date = {2023-11-21},
	doi = {10.1101/2023.11.20.567900},
	url = {http://biorxiv.org/lookup/doi/10.1101/2023.11.20.567900},
	note = {DOI: 10.1101/2023.11.20.567900},
	langid = {en}
}

@article{dennett2002,
	title = {Video plankton recorder reveals high abundances of colonial Radiolaria in surface waters of the central North Pacific},
	author = {Dennett, Mark R. and Caron, David A. and Michaels, Anthony F. and Gallager, Scott M. and Davis, Cabell S.},
	year = {2002},
	month = {08},
	date = {2002-08-01},
	journal = {Journal of Plankton Research},
	pages = {797--805},
	volume = {24},
	number = {8},
	doi = {10.1093/plankt/24.8.797},
	url = {https://doi.org/10.1093/plankt/24.8.797}
}

@article{ikenoue2019,
	title = {Phaeodaria: An Important Carrier of Particulate Organic Carbon in the Mesopelagic Twilight Zone of the North Pacific Ocean},
	author = {Ikenoue, Takahito and Kimoto, Katsunori and Okazaki, Yusuke and Sato, Miyako and Honda, Makio C. and Takahashi, Kozo and Harada, Naomi and Fujiki, Tetsuichi},
	year = {2019},
	date = {2019},
	journal = {Global Biogeochemical Cycles},
	pages = {1146--1160},
	volume = {33},
	number = {8},
	doi = {10.1029/2019GB006258},
	url = {https://onlinelibrary.wiley.com/doi/abs/10.1029/2019GB006258},
	note = {{\_}eprint: https://onlinelibrary.wiley.com/doi/pdf/10.1029/2019GB006258},
	langid = {en}
}

@article{lampitt2009,
	title = {Radiolaria: Major exporters of organic carbon to the deep ocean},
	author = {Lampitt, R. S. and Salter, I. and Johns, D.},
	year = {2009},
	date = {2009},
	journal = {Global Biogeochemical Cycles},
	volume = {23},
	number = {1},
	doi = {10.1029/2008GB003221},
	url = {https://onlinelibrary.wiley.com/doi/abs/10.1029/2008GB003221},
	note = {{\_}eprint: https://onlinelibrary.wiley.com/doi/pdf/10.1029/2008GB003221},
	langid = {en}
}

@article{stukel2018,
	title = {Large Phaeodaria in the twilight zone: Their role in the carbon cycle},
	author = {Stukel, Michael R. and Biard, Tristan and Krause, Jeffrey and Ohman, Mark D.},
	year = {2018},
	date = {2018},
	journal = {Limnology and Oceanography},
	pages = {2579--2594},
	volume = {63},
	number = {6},
	doi = {10.1002/lno.10961},
	url = {https://onlinelibrary.wiley.com/doi/abs/10.1002/lno.10961},
	note = {{\_}eprint: https://onlinelibrary.wiley.com/doi/pdf/10.1002/lno.10961},
	langid = {en}
}

@article{llopismonferrer2022,
	title = {Siliceous Rhizaria abundances and diversity in the Mediterranean Sea assessed by combined imaging and metabarcoding approaches},
	author = {Llopis Monferrer, Natalia and Biard, Tristan and Sandin, Miguel M. and Lombard, Fabien and Picheral, Marc and Elineau, Amanda and Guidi, Lionel and Leynaert, Aude and {Tréguer}, Paul J. and Not, Fabrice},
	year = {2022},
	date = {2022},
	journal = {Frontiers in Marine Science},
	volume = {9},
	url = {https://www.frontiersin.org/articles/10.3389/fmars.2022.895995}
}

@article{sogawa2022,
	title = {DNA metabarcoding reveals vertical variation and hidden diversity of Alveolata and Rhizaria communities in the western North Pacific},
	author = {Sogawa, Sayaka and Nakamura, Yasuhide and Nagai, Satoshi and Nishi, Noriko and Hidaka, Kiyotaka and Shimizu, Yugo and Setou, Takashi},
	year = {2022},
	month = {05},
	date = {2022-05-01},
	journal = {Deep Sea Research Part I: Oceanographic Research Papers},
	pages = {103765},
	volume = {183},
	doi = {10.1016/j.dsr.2022.103765},
	url = {https://www.sciencedirect.com/science/article/pii/S0967063722000784}
}

@article{biard2018,
	title = {The Significance of Giant Phaeodarians (Rhizaria) to Biogenic Silica Export in the California Current Ecosystem},
	author = {Biard, Tristan and Krause, Jeffrey W. and Stukel, Michael R. and Ohman, Mark D.},
	year = {2018},
	date = {2018},
	journal = {Global Biogeochemical Cycles},
	pages = {987--1004},
	volume = {32},
	number = {6},
	doi = {10.1029/2018GB005877},
	url = {https://onlinelibrary.wiley.com/doi/abs/10.1029/2018GB005877},
	note = {{\_}eprint: https://onlinelibrary.wiley.com/doi/pdf/10.1029/2018GB005877},
	langid = {en}
}

@article{llopismonferrer2021,
	title = {Role of small Rhizaria and diatoms in the pelagic silica production of the Southern Ocean},
	author = {Llopis Monferrer, Natalia and Leynaert, Aude and {Tréguer}, Paul and {Gutiérrez-Rodríguez}, {Andrés} and Moriceau, Brivaela and Gallinari, Morgane and Latasa, Mikel and {L'Helguen}, {Stéphane} and Maguer, {Jean-François} and Safi, Karl and Pinkerton, Matthew H. and Not, Fabrice},
	year = {2021},
	date = {2021},
	journal = {Limnology and Oceanography},
	pages = {2187--2202},
	volume = {66},
	number = {6},
	doi = {10.1002/lno.11743},
	url = {https://onlinelibrary.wiley.com/doi/abs/10.1002/lno.11743},
	note = {{\_}eprint: https://onlinelibrary.wiley.com/doi/pdf/10.1002/lno.11743},
	langid = {en}
}

@article{stukel2019,
	title = {The Roles of Suspension-Feeding and Flux-Feeding Zooplankton as Gatekeepers of Particle Flux Into the Mesopelagic Ocean in the Northeast Pacific},
	author = {Stukel, Michael R. and Ohman, Mark D. and Kelly, Thomas B. and Biard, Tristan},
	year = {2019},
	date = {2019},
	journal = {Frontiers in Marine Science},
	volume = {6},
	url = {https://www.frontiersin.org/articles/10.3389/fmars.2019.00397}
}

@article{anderson2014,
	title = {Living Together in the Plankton: A Survey of Marine Protist Symbioses},
	author = {Anderson, O. Roger},
	year = {2014},
	date = {2014},
	journal = {Acta Protozoologica},
	pages = {29--38},
	volume = {53},
	number = {1},
	doi = {10.4467/16890027AP.13.0019.1116},
	url = {https://www.ejournals.eu/Acta-Protozoologica/Tom-53%282014%29/Numer-1/art/2030/},
	langid = {en}
}

@inbook{decelle2015,
	title = {Photosymbiosis in Marine Planktonic Protists},
	author = {Decelle, Johan and Colin, {Sébastien} and Foster, Rachel A.},
	editor = {Ohtsuka, Susumu and Suzaki, Toshinobu and Horiguchi, Takeo and Suzuki, Noritoshi and Not, Fabrice},
	year = {2015},
	date = {2015},
	publisher = {Springer Japan},
	pages = {465--500},
	doi = {10.1007/978-4-431-55130-0_19},
	url = {https://link.springer.com/10.1007/978-4-431-55130-0_19},
	note = {DOI: 10.1007/978-4-431-55130-0{\_}19},
	address = {Tokyo},
	langid = {en}
}

@article{aurahs2009,
	title = {Geographical distribution of cryptic genetic types in the planktonic foraminifer Globigerinoides ruber},
	author = {Aurahs, Ralf and Grimm, Guido W. and Hemleben, Vera and Hemleben, Christoph and Kucera, Michal},
	year = {2009},
	date = {2009},
	journal = {Molecular Ecology},
	pages = {1692--1706},
	volume = {18},
	number = {8},
	doi = {10.1111/j.1365-294X.2009.04136.x},
	url = {https://onlinelibrary.wiley.com/doi/abs/10.1111/j.1365-294X.2009.04136.x},
	note = {{\_}eprint: https://onlinelibrary.wiley.com/doi/pdf/10.1111/j.1365-294X.2009.04136.x},
	langid = {en}
}

@article{lee2006,
	title = {Algal symbiosis in larger foraminifera},
	author = {Lee, John J.},
	year = {2006},
	date = {2006},
	journal = {Symbiosis},
	pages = {63--75},
	volume = {42},
	number = {2},
	url = {https://dalspace.library.dal.ca/bitstream/handle/10222/78255/VOLUME%2042-NUMBER%202-2006-PAGE%2063.pdf?sequence=1}
}

@article{anderson1976,
	title = {A CYTOCHEMICAL FINE STRUCTURE STUDY OF PHAGOTROPHY IN A PLANKTONIC FORAMINIFER, {\emph{HASTIGERINA PELAGICA}} (d'ORBIGNY)},
	author = {Anderson, O. Roger and {Bé}, Allan W. H.},
	year = {1976},
	month = {12},
	date = {1976-12},
	journal = {The Biological Bulletin},
	pages = {437--449},
	volume = {151},
	number = {3},
	doi = {10.2307/1540498},
	url = {https://www.journals.uchicago.edu/doi/10.2307/1540498},
	langid = {en}
}

@article{gaskell2019,
	title = {Zooglider-Based Measurements of Planktonic Foraminifera in the California Current System},
	author = {Gaskell, Daniel E. and Ohman, Mark D. and Hull, Pincelli M.},
	year = {2019},
	month = {10},
	date = {2019-10-23},
	journal = {Journal of Foraminiferal Research},
	pages = {390--404},
	volume = {49},
	number = {4},
	doi = {10.2113/gsjfr.49.4.390},
	url = {https://doi.org/10.2113/gsjfr.49.4.390}
}

@article{cavalier-smith2018,
	title = {Multigene phylogeny and cell evolution of chromist infrakingdom Rhizaria: contrasting cell organisation of sister phyla Cercozoa and Retaria},
	author = {Cavalier-Smith, Thomas and Chao, Ema E. and Lewis, Rhodri},
	year = {2018},
	month = {09},
	date = {2018-09-01},
	journal = {Protoplasma},
	pages = {1517--1574},
	volume = {255},
	number = {5},
	doi = {10.1007/s00709-018-1241-1},
	url = {https://doi.org/10.1007/s00709-018-1241-1},
	langid = {en}
}

@article{biard2022b,
	title = {Diversity and ecology of Radiolaria in modern oceans},
	author = {Biard, Tristan},
	year = {2022},
	month = {04},
	date = {2022-04-24},
	journal = {Environmental Microbiology},
	pages = {2179--2200},
	volume = {24},
	number = {5},
	doi = {10.1111/1462-2920.16004},
	url = {http://dx.doi.org/10.1111/1462-2920.16004},
	langid = {en}
}

@article{swanberg1981,
	title = {Collozoum caudatum sp. nov.: A giant colonial radiolarian from equatorial and Gulf Stream waters},
	author = {Swanberg, N.R. and Anderson, O.R.},
	year = {1981},
	month = {09},
	date = {1981-09},
	journal = {Deep Sea Research Part A. Oceanographic Research Papers},
	pages = {1033--1047},
	volume = {28},
	number = {9},
	doi = {10.1016/0198-0149(81)90016-9},
	url = {https://linkinghub.elsevier.com/retrieve/pii/0198014981900169},
	langid = {en}
}

@article{michaels1995,
	title = {Planktonic sarcodines (Acantharia, Radiolaria, Foraminifera) in surface waters near Bermuda: abundance, biomass and vertical flux},
	author = {Michaels, Anthony F. and Caron, David A. and Swanberg, Neil R. and Howse, Frances A. and Michaels, Claire M.},
	year = {1995},
	date = {1995},
	journal = {Journal of Plankton Research},
	pages = {131--163},
	volume = {17},
	number = {1},
	doi = {10.1093/plankt/17.1.131},
	url = {https://academic.oup.com/plankt/article-lookup/doi/10.1093/plankt/17.1.131},
	langid = {en}
}

@article{boltovskoy2017,
	title = {Vertical distribution patterns of Radiolaria Polycystina (Protista) in the World Ocean: living ranges, isothermal submersion and settling shells},
	author = {Boltovskoy, Demetrio},
	year = {2017},
	month = {03},
	date = {2017-03-01},
	journal = {Journal of Plankton Research},
	pages = {330--349},
	volume = {39},
	number = {2},
	doi = {10.1093/plankt/fbx003},
	url = {https://doi.org/10.1093/plankt/fbx003}
}

@article{gutiérrez-rodríguez2022,
	title = {Planktonic protist diversity across contrasting Subtropical and Subantarctic waters of the southwest Pacific},
	author = {{Gutiérrez-Rodríguez}, Andres and Lopes dos Santos, Adriana and Safi, Karl and Probert, Ian and Not, Fabrice and {Fernández}, Denise and Gourvil, Priscillia and Bilewitch, Jaret and Hulston, Debbie and Pinkerton, Matt and Nodder, Scott D.},
	year = {2022},
	month = {08},
	date = {2022-08-01},
	journal = {Progress in Oceanography},
	pages = {102809},
	volume = {206},
	doi = {10.1016/j.pocean.2022.102809},
	url = {https://www.sciencedirect.com/science/article/pii/S0079661122000702}
}

@article{biard2020,
	title = {Vertical niche definition of test-bearing protists (Rhizaria) into the twilight zone revealed by in situ imaging},
	author = {Biard, Tristan and Ohman, Mark D.},
	year = {2020},
	date = {2020},
	journal = {Limnology and Oceanography},
	pages = {2583--2602},
	volume = {65},
	number = {11},
	doi = {10.1002/lno.11472},
	url = {https://onlinelibrary.wiley.com/doi/abs/10.1002/lno.11472},
	note = {{\_}eprint: https://onlinelibrary.wiley.com/doi/pdf/10.1002/lno.11472},
	langid = {en}
}

@article{picheral2010,
	title = {The Underwater Vision Profiler 5: An advanced instrument for high spatial resolution studies of particle size spectra and zooplankton},
	author = {Picheral, Marc and Guidi, Lionel and Stemmann, Lars and Karl, David M. and Iddaoud, Ghizlaine and Gorsky, Gabriel},
	year = {2010},
	date = {2010},
	journal = {Limnology and Oceanography: Methods},
	pages = {462--473},
	volume = {8},
	number = {9},
	doi = {10.4319/lom.2010.8.462},
	url = {https://onlinelibrary.wiley.com/doi/abs/10.4319/lom.2010.8.462},
	note = {{\_}eprint: https://onlinelibrary.wiley.com/doi/pdf/10.4319/lom.2010.8.462},
	langid = {en}
}

@article{barth2022,
	title = {Comparison of an In Situ Imaging Device and Net-Based Method to Study Mesozooplankton Communities in an Oligotrophic System},
	author = {Barth, Alexander and Stone, Joshua},
	year = {2022},
	date = {2022},
	journal = {Frontiers in Marine Science},
	volume = {9},
	url = {https://www.frontiersin.org/articles/10.3389/fmars.2022.898057}
}

@article{drago2022,
	title = {Global Distribution of Zooplankton Biomass Estimated by In Situ Imaging and Machine Learning},
	author = {Drago, Laetitia and {Panaïotis}, Thelma and Irisson, Jean-Olivier and Babin, Marcel and Biard, Tristan and Carlotti, {François} and Coppola, Laurent and Guidi, Lionel and Hauss, Helena and Karp-Boss, Lee and Lombard, Fabien and Mcdonnell, Andrew M. P. and Picheral, Marc and Rogge, Andreas and Waite, Anya M. and Stemmann, Lars and Kiko, Rainer},
	year = {2022},
	month = {08},
	date = {2022-08-09},
	journal = {Frontiers in Marine Science},
	volume = {9},
	doi = {10.3389/fmars.2022.894372},
	url = {https://hal.sorbonne-universite.fr/hal-03810062},
	langid = {en}
}

@article{panaïotis2023,
	title = {Three major mesoplanktonic communities resolved by in situ imaging in the upper 500 m of the global ocean},
	author = {{Panaïotis}, Thelma and Babin, Marcel and Biard, Tristan and Carlotti, {François} and Coppola, Laurent and Guidi, Lionel and Hauss, Helena and Karp-Boss, Lee and Kiko, Rainer and Lombard, Fabien and McDonnell, Andrew M. P. and Picheral, Marc and Rogge, Andreas and Waite, Anya M. and Stemmann, Lars and Irisson, Jean-Olivier},
	year = {2023},
	date = {2023},
	journal = {Global Ecology and Biogeography},
	pages = {1991--2005},
	volume = {32},
	number = {11},
	doi = {10.1111/geb.13741},
	url = {https://onlinelibrary.wiley.com/doi/abs/10.1111/geb.13741},
	note = {{\_}eprint: https://onlinelibrary.wiley.com/doi/pdf/10.1111/geb.13741},
	langid = {en}
}

@article{hull2011,
	title = {Seasonality and depth distribution of a mesopelagic foraminifer, Hastigerinella digitata, in Monterey Bay, California},
	author = {Hull, Pincelli M. and Osborn, Karen J. and Norris, Richard D. and Robison, Bruce H.},
	year = {2011},
	date = {2011},
	journal = {Limnology and Oceanography},
	pages = {562--576},
	volume = {56},
	number = {2},
	doi = {10.4319/lo.2011.56.2.0562},
	url = {https://onlinelibrary.wiley.com/doi/abs/10.4319/lo.2011.56.2.0562},
	note = {{\_}eprint: https://onlinelibrary.wiley.com/doi/pdf/10.4319/lo.2011.56.2.0562},
	langid = {en}
}

@article{michaels1996,
	title = {Overview of the U.S. JGOFS Bermuda Atlantic Time-series Study and the Hydrostation S program},
	author = {Michaels, Anthony F. and Knap, Anthony H.},
	year = {1996},
	month = {01},
	date = {1996-01},
	journal = {Deep Sea Research Part II: Topical Studies in Oceanography},
	pages = {157--198},
	volume = {43},
	number = {2-3},
	doi = {10.1016/0967-0645(96)00004-5},
	url = {https://linkinghub.elsevier.com/retrieve/pii/0967064596000045},
	langid = {en}
}

@article{lomas2013,
	title = {Two decades and counting: 24-years of sustained open ocean biogeochemical measurements in the Sargasso Sea},
	author = {Lomas, M.W. and Bates, N.R. and Johnson, R.J. and Knap, A.H. and Steinberg, D.K. and Carlson, C.A.},
	year = {2013},
	month = {09},
	date = {2013-09},
	journal = {Deep Sea Research Part II: Topical Studies in Oceanography},
	pages = {16--32},
	volume = {93},
	doi = {10.1016/j.dsr2.2013.01.008},
	url = {https://linkinghub.elsevier.com/retrieve/pii/S0967064513000192},
	langid = {en}
}

@article{lombard2019,
	title = {Globally Consistent Quantitative Observations of Planktonic Ecosystems},
	author = {Lombard, Fabien and Boss, Emmanuel and Waite, Anya M. and Vogt, Meike and Uitz, Julia and Stemmann, Lars and Sosik, Heidi M. and Schulz, Jan and Romagnan, Jean-Baptiste and Picheral, Marc and Pearlman, Jay and Ohman, Mark D. and Niehoff, Barbara and {Möller}, Klas O. and Miloslavich, Patricia and Lara-Lpez, Ana and Kudela, Raphael and Lopes, Rubens M. and Kiko, Rainer and Karp-Boss, Lee and Jaffe, Jules S. and Iversen, Morten H. and Irisson, Jean-Olivier and Fennel, Katja and Hauss, Helena and Guidi, Lionel and Gorsky, Gaby and Giering, Sarah L. C. and Gaube, Peter and Gallager, Scott and Dubelaar, George and Cowen, Robert K. and Carlotti, {François} and {Briseño-Avena}, Christian and Berline, {Léo} and Benoit-Bird, Kelly and Bax, Nicholas and Batten, Sonia and Ayata, {Sakina Dorothée} and Artigas, Luis Felipe and Appeltans, Ward},
	year = {2019},
	date = {2019},
	journal = {Frontiers in Marine Science},
	volume = {6},
	url = {https://www.frontiersin.org/articles/10.3389/fmars.2019.00196}
}

@article{benfield1996,
	title = {Video Plankton Recorder estimates of copepod, pteropod and larvacean distributions from a stratified region of Georges Bank with comparative measurements from a MOCNESS sampler},
	author = {Benfield, Mark C. and Davis, Cabell S. and Wiebe, Peter H. and Gallager, Scott M. and Gregory Lough, R. and Copley, Nancy J.},
	year = {1996},
	month = {01},
	date = {1996-01-01},
	journal = {Deep Sea Research Part II: Topical Studies in Oceanography},
	pages = {1925--1945},
	volume = {43},
	number = {7},
	doi = {10.1016/S0967-0645(96)00044-6},
	url = {https://www.sciencedirect.com/science/article/pii/S0967064596000446},
	langid = {en}
}

@book{wood2017,
	title = {Generalized additive models: an introduction with R},
	author = {Wood, Simon N.},
	year = {2017},
	date = {2017},
	publisher = {CRC Press/Taylor & Francis Group},
	series = {Texts in statistical science},
	edition = {Second edition},
	address = {Boca Raton London New York},
	langid = {eng}
}

@article{wood2001,
	title = {mgcv: GAMs and Generalized Ridge Regression for R},
	author = {Wood, Simon N},
	year = {2001},
	date = {2001},
	volume = {1},
	langid = {en}
}

@article{marra2011,
	title = {Practical variable selection for generalized additive models},
	author = {Marra, Giampiero and Wood, Simon N.},
	year = {2011},
	month = {07},
	date = {2011-07},
	journal = {Computational Statistics & Data Analysis},
	pages = {2372--2387},
	volume = {55},
	number = {7},
	doi = {10.1016/j.csda.2011.02.004},
	url = {https://linkinghub.elsevier.com/retrieve/pii/S0167947311000491},
	langid = {en}
}

@article{mcgillicuddy1998,
	title = {Influence of mesoscale eddies on new production in the Sargasso Sea},
	author = {McGillicuddy, D. J. and Robinson, A. R. and Siegel, D. A. and Jannasch, H. W. and Johnson, R. and Dickey, T. D. and McNeil, J. and Michaels, A. F. and Knap, A. H.},
	year = {1998},
	month = {07},
	date = {1998-07},
	journal = {Nature},
	pages = {263--266},
	volume = {394},
	number = {6690},
	doi = {10.1038/28367},
	url = {https://www.nature.com/articles/28367},
	note = {Number: 6690
Publisher: Nature Publishing Group},
	langid = {en}
}

@article{whitmore2021,
	title = {Zooglider-measured association of zooplankton with the fine-scale vertical prey field},
	author = {Whitmore, Benjamin M. and Ohman, Mark D.},
	year = {2021},
	date = {2021},
	journal = {Limnology and Oceanography},
	pages = {3811--3827},
	volume = {66},
	number = {10},
	doi = {10.1002/lno.11920},
	url = {https://onlinelibrary.wiley.com/doi/abs/10.1002/lno.11920},
	note = {{\_}eprint: https://onlinelibrary.wiley.com/doi/pdf/10.1002/lno.11920},
	langid = {en}
}

@article{blanco-bercial2020,
	title = {Metabarcoding Analyses and Seasonality of the Zooplankton Community at BATS},
	author = {Blanco-Bercial, Leocadio},
	year = {2020},
	date = {2020},
	journal = {Frontiers in Marine Science},
	volume = {7},
	url = {https://www.frontiersin.org/articles/10.3389/fmars.2020.00173}
}

@article{zasko2005,
	title = {Vertical Distribution of Radiolarians and Their Role in Epipelagic Communities of the East Pacific Rise and the Gulf of California},
	author = {Zasko, D. N. and Rusanov, I. I.},
	year = {2005},
	month = {05},
	date = {2005-05-01},
	journal = {Biology Bulletin},
	pages = {279--287},
	volume = {32},
	number = {3},
	doi = {10.1007/s10525-005-0103-5},
	url = {https://doi.org/10.1007/s10525-005-0103-5},
	langid = {en}
}
